% Encoding: UTF-8

@Article{Sorensen2018,
  author    = {S{\o}rensen, Knud Haugaard and J{\o}rgensen, Mathias S and Bruix, A and Hammer, Bj{\o}rk},
  title     = {Accelerating atomic structure search with cluster regularization},
  journal   = {J. Chem. Phys.},
  year      = {2018},
  volume    = {148},
  pages     = {241734},
  publisher = {AIP Publishing},
}

@Comment{jabref-meta: databaseType:bibtex;}
